<?xml version="1.0" encoding="UTF-8"?><record xmlns="http://www.loc.gov/MARC21/slim" xmlns:cinclude="http://apache.org/cocoon/include/1.0" xmlns:zs="http://www.loc.gov/zing/srw/">
  <leader>00946cz  a2200205n  4500</leader>
  <controlfield tag="001">n 2010002178</controlfield>
  <controlfield tag="003">DLC</controlfield>
  <controlfield tag="005">20100113075419.0</controlfield>
  <controlfield tag="008">100112n| acannaabn          |b ana      </controlfield>
  <datafield tag="010" ind1=" " ind2=" ">
    <subfield code="a">n 2010002178</subfield>
  </datafield>
  <datafield tag="035" ind1=" " ind2=" ">
    <subfield code="a">(OCoLC)oca00553792</subfield>
  </datafield>
  <datafield tag="040" ind1=" " ind2=" ">
    <subfield code="a">DLC</subfield>
    <subfield code="b">eng</subfield>
    <subfield code="c">DLC</subfield>
    <subfield code="d">OCoLC</subfield>
    <subfield code="d">DLC</subfield>
  </datafield>
  <datafield tag="151" ind1=" " ind2=" ">
    <subfield code="a">Svislatski rai︠o︡n (Belarus)</subfield>
  </datafield>
  <datafield tag="451" ind1=" " ind2=" ">
    <subfield code="a">Свіслацкі раён (Belarus)</subfield>
  </datafield>
  <datafield tag="451" ind1=" " ind2=" ">
    <subfield code="a">Свислочский район (Belarus)</subfield>
  </datafield>
  <datafield tag="451" ind1=" " ind2=" ">
    <subfield code="a">Svislochskiĭ raĭon (Belarus)</subfield>
  </datafield>
  <datafield tag="667" ind1=" " ind2=" ">
    <subfield code="a">Non-Latin script reference not evaluated.</subfield>
  </datafield>
  <datafield tag="670" ind1=" " ind2=" ">
    <subfield code="a">Pami︠a︡tsʹ--Svislatski rai︠o︡n, 2004:</subfield>
    <subfield code="b">t.p. (Svislatski rai︠o︡n)</subfield>
  </datafield>
  <datafield tag="670" ind1=" " ind2=" ">
    <subfield code="a">Vikipėdii︠a︡ viewed Jan. 12, 2010:</subfield>
    <subfield code="b">(Свіслацкі раён--у складзе Гродзенскай вобласці)</subfield>
    <subfield code="u">http://be.wikipedia.org</subfield>
  </datafield>
  <datafield tag="670" ind1=" " ind2=" ">
    <subfield code="a">Vikipedii︠a︡ viewed Jan. 12, 2010:</subfield>
    <subfield code="b">(Свислочский район Гродненской области)</subfield>
    <subfield code="u">http://ru.wikipedia.org</subfield>
  </datafield>
</record>